@Comment А вот так оформляется библиография при помощи BibTeX.

@Book{book00,
  author =		 {Р. Морелос-Сарагоса},
  title = 		 {Искусство помехоустойчивого кодирования. Методы, алгоритмы, применение},
  publisher = 	 {Техносфера},
  year = 		 {2006},
  language =     "russian"
}

@Book{book01,
  author =		 {Кларк Дж., мл., Кейн Дж.},
  title = 		 {Кодирование с исправлением ошибок в системах цифровой связи},
  publisher = 	 {Радио и связь},
  year = 		 {1987},
  language =     "russian"
}

@Book{book02,
  author =		 {Витерби А.Д., Омура Дж.К.},
  title = 		 {Принципы цифровой связи и кодирования},
  publisher = 	 {Радио и связь},
  year = 		 {1982},
  language =     "russian"
}

@Book{book03,
  author =		 {Берлекэмп Э.},
  title = 		 {Алгебраическая теория кодирования},
  publisher = 	 {Мир},
  year = 		 {1971},
  language =     "russian"
}

@Book{book04,
  author =		 {Галлагер Р.},
  title = 		 {Теория информации и надежная связь},
  publisher = 	 {Советское радио},
  year = 		 {1974},
  language =     "russian"
}

@Book{book05,
  author =		 {Мак-Вильямс Ф.Дж., Слоэн Н.Дж.А.},
  title = 		 {Теория кодов, исправляющих ошибки},
  publisher = 	 {Связь},
  year = 		 {1979},
  language =     "russian"
}





